<?xml version="1.0" encoding="UTF-8"?><collection xmlns="http://www.loc.gov/MARC21/slim"><record><leader>00618nam--2200193-i-4500</leader><controlfield tag="001">000010913</controlfield><controlfield tag="002">20161230</controlfield><controlfield tag="005">20161230201029</controlfield><controlfield tag="008">060222s1000------------r-----000-0-eng-d</controlfield><datafield ind1=" " ind2=" " tag="020"><subfield code="a">0306305984</subfield></datafield><datafield ind1=" " ind2=" " tag="040"><subfield code="a">IFIN-HH</subfield></datafield><datafield ind1=" " ind2=" " tag="080"><subfield code="a">539.141(061.3)</subfield></datafield><datafield ind1="1" ind2=" " tag="100"><subfield code="a">Austin, S.M</subfield></datafield><datafield ind1="1" ind2="0" tag="245"><subfield code="a">The two-body force in nuclei</subfield><subfield code="b">Proceedings of the symposium on the two-body force in nuclei held at gull lake, michigan, september 7-10, 1971</subfield><subfield code="c">S.m. austin, g.m. crawley (eds.)</subfield></datafield><datafield ind1=" " ind2=" " tag="260"><subfield code="a">New York</subfield><subfield code="b">Plenum Press</subfield><subfield code="c">1972</subfield></datafield><datafield ind1=" " ind2=" " tag="300"><subfield code="a">390P</subfield></datafield><datafield ind1="1" ind2=" " tag="700"><subfield code="a">Crawley, G.M</subfield><subfield code="e">Ed</subfield></datafield><datafield ind1=" " ind2=" " tag="852"><subfield code="a">38325</subfield><subfield code="c">539.141</subfield></datafield><datafield ind1=" " ind2=" " tag="CAT"><subfield code="a">Sys</subfield><subfield code="c">20120418</subfield><subfield code="h">104647</subfield></datafield></record></collection>